<?xml version="1.0" encoding="UTF-8"?><collection xmlns="http://www.loc.gov/MARC21/slim"><record><leader>00340nam--2200133-i-4500</leader><controlfield tag="001">000004164</controlfield><controlfield tag="002">20161230</controlfield><controlfield tag="005">20161230201025</controlfield><controlfield tag="008">060222s1000------------r-----000-0-eng-d</controlfield><datafield ind1=" " ind2=" " tag="100"><subfield code="a">Dushman, Saul</subfield></datafield><datafield ind1=" " ind2=" " tag="245"><subfield code="a">Scientific foundations of vacuum technique</subfield></datafield><datafield ind1=" " ind2=" " tag="260"><subfield code="a">New York, John Wiley &amp; Sons Inc., 1949</subfield></datafield><datafield ind1=" " ind2=" " tag="490"><subfield code="a">Xi+882p</subfield></datafield><datafield ind1=" " ind2=" " tag="852"><subfield code="a">621.52</subfield></datafield></record></collection>